%% Saved with string encoding Unicode (UTF-8) 



misc{para,
	Author = {{IEEE Referencing}},
	Howpublished = {\url{http://libguides.bhtafe.edu.au/content.php?pid=88814&sid=660920}},
	Keywords = {paraphrasing, plagariasm, citation, quotation},
	Lastchecked = {19/04/2017},
	Title = {{How to Cite\/Quote in Your Assignment}}}

misc{ieee-write,
	Author = {{IEEE Authorship Series}},
	Howpublished = {\url{http://ieeeauthorcenter.ieee.org/wp-content/uploads/How-to-Write-for-Technical-Periodicals-and-Conferences.pdf}},
	Institution = {{IEEE}},
	Keywords = {writing, paragraph, sentences, ethics},
	Lastchecked = {18/04/2017},
	Title = {How to Write for Technical Periodicals \& Conferences}}



@article{schon2017agile,
  title={Agile Requirements Engineering: A systematic literature review},
  author={Sch\"on, Eva-Maria and Thomaschewski, J\"org and Escalona, Maria Jose},
  journal={Computer Standards \& Interfaces},
  volume={49},
  pages={79--91},
  year={2017},
  publisher={Elsevier}
}

@article{akbari_mohammadi_ziarati_2010, 
  title={A novel bee swarm optimization algorithm for numerical function optimization}, 
  volume={15}, 
  DOI={10.1016/j.cnsns.2009.11.003}, 
  number={10}, 
  journal={Communications in Nonlinear Science and Numerical Simulation}, 
  author={Akbari, Reza and Mohammadi, Alireza and Ziarati, Koorush}, 
  year={2010},
  pages={3142â€“3155}
}